@book{kaplan_gps,
  title={Understanding GPS: Principles and Applications},
  author={Kaplan, E. and Hegarty, C.},
  isbn={9781580538954},
  url={https://books.google.de/books?id=-sPXPuOW7ggC},
  year={2005},
  publisher={Artech House}
}

@book{galileo_book,
  title={GALILEO Positioning Technology},
  author={Nurmi, J. and Lohan, E.S. and Sand, S. and Hurskainen, H.},
  isbn={9789400718302},
  series={Signals and Communication Technology},
  url={https://books.google.de/books?id=ktOEBAAAQBAJ},
  year={2014},
  publisher={Springer Netherlands}
}

@inproceedings{perrig,
  author={A. Perrig and R. Canetti and J. D. Tygar and Dawn Song},
  booktitle={Proceeding 2000 IEEE Symposium on Security and Privacy. S P 2000},
  title={Efficient authentication and signing of multicast streams over lossy channels},
  year={2000},
  volume={},
  number={},
  pages={56-73},
  doi={10.1109/SECPRI.2000.848446},
  ISSN={1081-6011},
  month={},
}

@manual{galileoicd,
  title={Galileo OS - SIS ICD v1.3},
  year={2016},
  month={December},
}

@article{osnma,
  title={Galileo Navigation Message Authentication Specification for
    Signal-In-Space Testing - v1.0},
  author={I. Fernandez, V. Rijmen, T. Ashur, P. Walker, G. Seco, J. Sim√≥n, C.
    Sarto, D. Burkey, O. Pozzobon},
  year={2016},
  month={November},
}

@manual{mediatek_specs,
  title={Mediatek MT2523D/MT2523G product overview},
  address={https://s3-ap-southeast-1.amazonaws.com/mediatek-labs-imgs/downloads/e98eb36b768244e74825f6fb8f950326.pdf},
}

@manual{st_rec_specs,
  title={STA8088EXG: High Flexible GPS/Galileo/Glonass/QZSS Receiver with powerful processing (ARM9)},
  url={http://www.st.com/en/automotive-infotainment-and-telematics/sta8088exg.html},
}

@manual{bm_intel_core_i5,
  title={SiSoftware Official Live Ranker: Details for Component Intel Core i5-7300U},
  url={http://ranker.sisoftware.net/show_device.php?q=c9a598d1bfcbaec2e2a1cebcd9f990a588bf8cbc8cd9ff98a595b3c1fcccea83be8caac2ffcfe991ac9dbbdebb86b690e3deee&l=en},
}

@article{dmips,
  title={Benchmarking in context: Dhrystone},
  author={Richard York, ARM Ltd.},
  month={March},
  year={2002},
  url={http://dell.docjava.com/courses/cr346/data/papers/DhrystoneMIPS-CriticismbyARM.pdf},
}
